% ГОСТ Р 7.0.11-2011, Приложение Б, Книги
@BOOK{Sychev,
  author = {Сычёв, М. С.},
  title = {История Астраханвского казачьего войска: учебное пособие},
  address = {Астрахань},
  publisher = {Волга},
  year = {2009},
  numpages = {231},
  language = {russian}
}

@BOOK{Sokolov,
  author = {Соколов, А. Н. and Сердобинцев, К. С.},
  editor = {Бочарова, В. М.},
  address = {Астрахань},
  publisher = {Калиниградский ЮИ МВД России},
  title = {Гражданское общество: проблемы формирования и развития (философский и юридический аспекты): монография},
  year = {2009},
  numpages = {218},
  language = {russian}
}

@Book{hastie_09_elements-of.statistical-learning,
	added-at = {2010-06-03T15:15:09.000+0200},
	author = {Hastie, Trevor and Tibshirani, Robert and Friedman, Jerome},
	biburl = {https://www.bibsonomy.org/bibtex/200d858c0bd2826d4eb5f39450192d1f5/ukoethe},
	edition = 2,
	file = {:Books\\HastieTibshiraniFriedman-09-Elements-of-Statistical-Learning-2nd-edition\\hastie_09_elements-of.statistical-learning.pdf:PDF},
	interhash = {52d1772f39be836e3b298d37b8c0cfa1},
	intrahash = {00d858c0bd2826d4eb5f39450192d1f5},
	keywords = {inference mathmatics dataanalysis method clutering statistics},
	publisher = {Springer},
	timestamp = {2010-06-03T15:15:09.000+0200},
	title = {The elements of statistical learning: data mining, inference and prediction},
	url = {http://www-stat.stanford.edu/~tibs/ElemStatLearn/},
	year = 2009
}

@article{Pereira_fMRI_tut,
	title = "Machine learning classifiers and fMRI: A tutorial overview ",
	journal = "NeuroImage ",
	volume = "45",
	number = "1, Supplement 1",
	pages = "S199 - S209",
	year = "2009",
	note = "Mathematics in Brain Imaging ",
	issn = "1053-8119",
	doi = "http://dx.doi.org/10.1016/j.neuroimage.2008.11.007",
	url = "http://www.sciencedirect.com/science/article/pii/S1053811908012263",
	author = "Francisco Pereira and Tom Mitchell and Matthew Botvinick"
}

@inproceedings{kauppi2010clustering,
	title={Clustering inter-subject correlation matrices in functional magnetic resonance imaging},
	author={Kauppi, Jukka-Pekka and J{\"a}skel{\"a}inen, Iiro P and Sams, Mikko and Tohka, Jussi},
	booktitle={Information Technology and Applications in Biomedicine (ITAB), 2010 10th IEEE International Conference on},
	pages={1--6},
	year={2010},
	organization={IEEE}
}

@Book{pajula_ISC_tut,
	title = "Inter-Subject Correlation Analysis for Functional Magnetic Resonance Imaging: Properties and Validation",
	author = "Juha Pajula",
	note = "Awarding institution:Tampere University of Technology",
	year = "2016",
	month = "4",
	isbn = "978-952-15-3721-9",
	series = "Tampere University of Technology. Publication",
	publisher = "Tampere University of Technology",
}


@article{Isc_fmrt,
	author = {Pajula, Juha AND Kauppi, Jukka-Pekka AND Tohka, Jussi},
	journal = {PLOS ONE},
	publisher = {Public Library of Science},
	title = {Inter-Subject Correlation in fMRI: Method Validation against Stimulus-Model Based Analysis},
	year = {2012},
	month = {08},
	volume = {7},
	url = {http://dx.doi.org/10.1371%2Fjournal.pone.0041196},
	pages = {1-13},
	number = {8},
	doi = {10.1371/journal.pone.0041196}
}

% ГОСТ Р 7.0.11-2011, Приложение Б, Нормативные правовые акты
@BOOK{Constitution,
  title = {Конституция Российской Федерации: офиц. текст.},
  address = {М.},
  publisher = {Маркетинг},
  year = {2001},
  numpages = {39},
  language = {russian}
}

% ГОСТ Р 7.0.11-2011, Приложение Б, Стандарты
@BOOK{Gost.7.0.53,
  title = {ГОСТ Р 7.0.53-2007 Система стандартов по информации, библиотечному и издательскому делу. Издания. Международный стандартный книжный номер. Использование и издательское оформление.},
  address = {М.},
  publisher = {Стандартинформ},
  year = {2007},
  numpages = {5},
  language = {russian}
}
